@book{Test,
  author    = {Erx Honnecker},
  editor    = {},
  publisher = {BÃ¼cherei},
  title     = {Lorem Ipsum},
  year      = {9999}
}
